{"btc_usd":[{"type":"bid","price":20204.953222,"amount":0.00007426,"tid":205307911,"timestamp":1656878505},{"type":"bid","price":20193.76798993,"amount":0.00077574,"tid":205307910,"timestamp":1656878505},{"type":"bid","price":20193.76796993,"amount":0.00115081,"tid":205307909,"timestamp":1656878444},{"type":"bid","price":20077.79989985,"amount":0.00058919,"tid":205307908,"timestamp":1656878444},{"type":"bid","price":20077.79989985,"amount":0.0019,"tid":205307907,"timestamp":1656878438},{"type":"bid","price":20043.57595969,"amount":0.00066688,"tid":205307906,"timestamp":1656878416},{"type":"bid","price":20035.2,"amount":0.00038392,"tid":205307905,"timestamp":1656878416},{"type":"bid","price":20035.2,"amount":0.0019,"tid":205307904,"timestamp":1656878401},{"type":"ask","price":20035.14235432,"amount":0.00015717,"tid":205307903,"timestamp":1656878375},{"type":"ask","price":20035.14235432,"amount":0.0004,"tid":205307902,"timestamp":1656878375},{"type":"bid","price":20035.1,"amount":0.0015,"tid":205307901,"timestamp":1656878350},{"type":"ask","price":20035.14235432,"amount":0.0004,"tid":205307900,"timestamp":1656878057},{"type":"bid","price":20035.2,"amount":0.00059,"tid":205307899,"timestamp":1656878033},{"type":"bid","price":20035.1,"amount":0.0015,"tid":205307898,"timestamp":1656878026},{"type":"bid","price":20035.14235432,"amount":0.0011,"tid":205307897,"timestamp":1656877992},{"type":"ask","price":20035.14235432,"amount":0.0004,"tid":205307896,"timestamp":1656877984},{"type":"bid","price":20035.1,"amount":0.0015,"tid":205307895,"timestamp":1656877958},{"type":"bid","price":19995.96112946,"amount":0.0001,"tid":205307894,"timestamp":1656877625},{"type":"ask","price":19898.8379907,"amount":0.00029945,"tid":205307893,"timestamp":1656877599},{"type":"ask","price":19995.96112946,"amount":0.00108031,"tid":205307892,"timestamp":1656877599},{"type":"bid","price":19986.75437442,"amount":0.00010045,"tid":205307891,"timestamp":1656877598},{"type":"bid","price":19899.93600001,"amount":0.00071924,"tid":205307890,"timestamp":1656877598},{"type":"bid","price":19892.56370421,"amount":0.00010792,"tid":205307889,"timestamp":1656877544},{"type":"bid","price":19888.62856587,"amount":0.00010784,"tid":205307888,"timestamp":1656877544},{"type":"bid","price":19883.89997998,"amount":0.00010792,"tid":205307887,"timestamp":1656877544},{"type":"bid","price":19880.29997998,"amount":0.00010792,"tid":205307886,"timestamp":1656877544},{"type":"bid","price":19880.19998402,"amount":0.00116894,"tid":205307885,"timestamp":1656877544},{"type":"ask","price":19880.19998402,"amount":0.00033106,"tid":205307884,"timestamp":1656877533},{"type":"bid","price":19880.19999,"amount":0.0019,"tid":205307883,"timestamp":1656877511},{"type":"bid","price":19880.19998,"amount":0.00156894,"tid":205307882,"timestamp":1656877508},{"type":"bid","price":19876.49988,"amount":0.0019,"tid":205307881,"timestamp":1656877484},{"type":"bid","price":19876.49988,"amount":0.0157,"tid":205307880,"timestamp":1656877474},{"type":"ask","price":19876.44277669,"amount":0.0004,"tid":205307879,"timestamp":1656877445},{"type":"bid","price":19876.4,"amount":0.0015,"tid":205307878,"timestamp":1656877445},{"type":"bid","price":19876.49993,"amount":0.02025045,"tid":205307877,"timestamp":1656877438},{"type":"bid","price":19876.49993,"amount":0.01904955,"tid":205307876,"timestamp":1656877438},{"type":"bid","price":19876.49993,"amount":0.0039,"tid":205307875,"timestamp":1656877437},{"type":"bid","price":19880.79993,"amount":0.00015832,"tid":205307874,"timestamp":1656875500},{"type":"bid","price":19880.79997,"amount":0.00074659,"tid":205307873,"timestamp":1656875477},{"type":"ask","price":19300,"amount":0.00353545,"tid":205307872,"timestamp":1656873844},{"type":"ask","price":19300.00000001,"amount":0.00117869,"tid":205307871,"timestamp":1656873844},{"type":"ask","price":19300.00000001,"amount":0.00017029,"tid":205307870,"timestamp":1656873844},{"type":"ask","price":19311.311,"amount":0.0539377,"tid":205307869,"timestamp":1656873844},{"type":"ask","price":19351.04412221,"amount":0.00182723,"tid":205307868,"timestamp":1656873844},{"type":"ask","price":19403,"amount":0.00049253,"tid":205307867,"timestamp":1656873843},{"type":"ask","price":19422.58522638,"amount":0.0011,"tid":205307866,"timestamp":1656873843},{"type":"ask","price":19469.02641477,"amount":0.00020044,"tid":205307865,"timestamp":1656873843},{"type":"ask","price":19500,"amount":0.005,"tid":205307864,"timestamp":1656873843},{"type":"ask","price":19500,"amount":0.06067009,"tid":205307863,"timestamp":1656873843},{"type":"ask","price":19500.00000001,"amount":0.01973304,"tid":205307862,"timestamp":1656873843},{"type":"ask","price":19500.00000001,"amount":0.00010256,"tid":205307861,"timestamp":1656873843},{"type":"ask","price":19500.00000001,"amount":0.00017948,"tid":205307860,"timestamp":1656873843},{"type":"ask","price":19500.06360222,"amount":0.0001282,"tid":205307859,"timestamp":1656873843},{"type":"ask","price":19500.06360222,"amount":0.00060649,"tid":205307858,"timestamp":1656873843},{"type":"ask","price":19527.4116591,"amount":0.00066688,"tid":205307857,"timestamp":1656873843},{"type":"ask","price":19527.5,"amount":0.0015,"tid":205307856,"timestamp":1656873843},{"type":"ask","price":19527.50000002,"amount":0.0001819,"tid":205307855,"timestamp":1656873843},{"type":"bid","price":19887.29995,"amount":0.00018647,"tid":205307854,"timestamp":1656872332},{"type":"bid","price":19889.2,"amount":0.00101394,"tid":205307853,"timestamp":1656871458},{"type":"bid","price":19889.49994,"amount":0.0001029,"tid":205307852,"timestamp":1656871354},{"type":"bid","price":19889.59993,"amount":0.00089835,"tid":205307851,"timestamp":1656871313},{"type":"bid","price":19529.70019531,"amount":0.0003993,"tid":205307850,"timestamp":1656870426},{"type":"ask","price":19529.70019531,"amount":0.00003609,"tid":205307849,"timestamp":1656870424},{"type":"bid","price":19894.89993,"amount":0.00058247,"tid":205307848,"timestamp":1656868790},{"type":"bid","price":19529.70000001,"amount":0.00238142,"tid":205307847,"timestamp":1656868745},{"type":"bid","price":19529.70000001,"amount":0.0005011,"tid":205307846,"timestamp":1656868744},{"type":"bid","price":19529.70000001,"amount":0.00144307,"tid":205307845,"timestamp":1656868742},{"type":"ask","price":19529.70000001,"amount":0.0014541,"tid":205307844,"timestamp":1656868742},{"type":"bid","price":19896.2,"amount":0.00022979,"tid":205307843,"timestamp":1656868082},{"type":"bid","price":19896.29995,"amount":0.0006339,"tid":205307842,"timestamp":1656868059},{"type":"bid","price":19896.29999,"amount":0.00016399,"tid":205307841,"timestamp":1656868041},{"type":"bid","price":19897.39993,"amount":0.00016262,"tid":205307840,"timestamp":1656867580},{"type":"bid","price":19897.39996,"amount":0.00016262,"tid":205307839,"timestamp":1656867569},{"type":"bid","price":19897.39998,"amount":0.00016262,"tid":205307838,"timestamp":1656867559},{"type":"bid","price":19897.39999,"amount":0.00016262,"tid":205307837,"timestamp":1656867551},{"type":"bid","price":19897.89992,"amount":0.00014999,"tid":205307836,"timestamp":1656867355},{"type":"bid","price":19898.29995,"amount":0.00010231,"tid":205307835,"timestamp":1656867161},{"type":"bid","price":19898.39996,"amount":0.00013658,"tid":205307834,"timestamp":1656867109},{"type":"ask","price":19527.60000001,"amount":0.00179233,"tid":205307833,"timestamp":1656867076},{"type":"bid","price":19898.69994,"amount":0.00013272,"tid":205307832,"timestamp":1656866986},{"type":"bid","price":19898.69996,"amount":0.00013004,"tid":205307831,"timestamp":1656866976},{"type":"bid","price":19898.69998,"amount":0.00012572,"tid":205307830,"timestamp":1656866966},{"type":"bid","price":19898.7,"amount":0.00012318,"tid":205307829,"timestamp":1656866957},{"type":"ask","price":19527.43349401,"amount":0.01365047,"tid":205307828,"timestamp":1656866677},{"type":"ask","price":19527.43349402,"amount":0.02751156,"tid":205307827,"timestamp":1656866677},{"type":"ask","price":19527.43359415,"amount":0.00430094,"tid":205307826,"timestamp":1656866677},{"type":"ask","price":19821.79945924,"amount":0.00088745,"tid":205307825,"timestamp":1656866677},{"type":"bid","price":19821.79945924,"amount":0.00010946,"tid":205307824,"timestamp":1656866659},{"type":"bid","price":19742,"amount":0.00501712,"tid":205307823,"timestamp":1656866369},{"type":"bid","price":19741.4,"amount":0.0004633,"tid":205307822,"timestamp":1656866369},{"type":"bid","price":19741.39999998,"amount":0.00010897,"tid":205307821,"timestamp":1656866369},{"type":"ask","price":19527.42017268,"amount":0.00195722,"tid":205307820,"timestamp":1656865269},{"type":"bid","price":19600,"amount":0.00169719,"tid":205307819,"timestamp":1656864334},{"type":"bid","price":19600,"amount":0.00050636,"tid":205307818,"timestamp":1656864332},{"type":"ask","price":19600,"amount":0.003,"tid":205307817,"timestamp":1656864331},{"type":"ask","price":19600,"amount":0.0005102,"tid":205307816,"timestamp":1656864331},{"type":"ask","price":19600,"amount":0.00087975,"tid":205307815,"timestamp":1656864331},{"type":"ask","price":19601,"amount":0.000101,"tid":205307814,"timestamp":1656864331},{"type":"ask","price":19683.63095238,"amount":0.00071924,"tid":205307813,"timestamp":1656864331},{"type":"ask","price":19741.1002203,"amount":0.00008144,"tid":205307812,"timestamp":1656863917},{"type":"bid","price":19741.10032046,"amount":0.00017333,"tid":205307811,"timestamp":1656863715},{"type":"bid","price":19741.10032046,"amount":0.00017894,"tid":205307810,"timestamp":1656863714},{"type":"ask","price":19741.1002203,"amount":0.00195458,"tid":205307809,"timestamp":1656861676},{"type":"bid","price":19741.10032046,"amount":0.002,"tid":205307808,"timestamp":1656860771},{"type":"ask","price":19741.1002203,"amount":0.00010542,"tid":205307807,"timestamp":1656860285},{"type":"ask","price":19741.1002203,"amount":0.0001512,"tid":205307806,"timestamp":1656857945},{"type":"ask","price":19741.10032046,"amount":0.00013521,"tid":205307805,"timestamp":1656857601},{"type":"ask","price":19741.10022031,"amount":0.00036853,"tid":205307804,"timestamp":1656856601},{"type":"bid","price":19741.2,"amount":0.00002573,"tid":205307803,"timestamp":1656855452},{"type":"bid","price":19741.2,"amount":0.00035484,"tid":205307802,"timestamp":1656855451},{"type":"bid","price":19741.2,"amount":0.00057081,"tid":205307801,"timestamp":1656855075},{"type":"bid","price":19741.2,"amount":0.00048419,"tid":205307800,"timestamp":1656855075},{"type":"ask","price":19741.1002203,"amount":0.00015821,"tid":205307799,"timestamp":1656854668},{"type":"ask","price":19741.2,"amount":0.0015,"tid":205307798,"timestamp":1656854351},{"type":"bid","price":19988.69968953,"amount":0.0052724,"tid":205307797,"timestamp":1656853871},{"type":"bid","price":19989.19968953,"amount":0.00084101,"tid":205307796,"timestamp":1656853656},{"type":"bid","price":19989.19978968,"amount":0.00010223,"tid":205307795,"timestamp":1656853652},{"type":"bid","price":19992.5997897,"amount":0.00015005,"tid":205307794,"timestamp":1656852122},{"type":"ask","price":19741.2,"amount":0.00078992,"tid":205307793,"timestamp":1656851499},{"type":"ask","price":19741.2,"amount":0.00052213,"tid":205307792,"timestamp":1656849497},{"type":"ask","price":19741.2,"amount":0.0004,"tid":205307791,"timestamp":1656848722},{"type":"ask","price":19741.2,"amount":0.00021203,"tid":205307790,"timestamp":1656846706},{"type":"ask","price":19741.1002203,"amount":0.00002497,"tid":205307789,"timestamp":1656846698},{"type":"ask","price":19741.14094248,"amount":0.00008799,"tid":205307788,"timestamp":1656846698},{"type":"ask","price":19741.14094248,"amount":0.00003606,"tid":205307787,"timestamp":1656846697},{"type":"ask","price":19741.14196229,"amount":0.00025816,"tid":205307786,"timestamp":1656846697},{"type":"ask","price":19743.1,"amount":0.0015,"tid":205307785,"timestamp":1656846697},{"type":"ask","price":19743.10010015,"amount":0.00395419,"tid":205307784,"timestamp":1656846697},{"type":"ask","price":19743.10010015,"amount":0.00010396,"tid":205307783,"timestamp":1656846697},{"type":"ask","price":19743.10010015,"amount":0.00010874,"tid":205307782,"timestamp":1656846696},{"type":"ask","price":19743.10010015,"amount":0.00536284,"tid":205307781,"timestamp":1656846695},{"type":"ask","price":19743.10010015,"amount":0.00010785,"tid":205307780,"timestamp":1656846694},{"type":"ask","price":19741.2,"amount":0.00125149,"tid":205307779,"timestamp":1656845657},{"type":"ask","price":19753.50008,"amount":0.02231867,"tid":205307778,"timestamp":1656845543},{"type":"ask","price":19753.50009,"amount":0.00642984,"tid":205307777,"timestamp":1656845543},{"type":"ask","price":19753.50009,"amount":0.00660176,"tid":205307776,"timestamp":1656845526},{"type":"ask","price":19753.50009,"amount":0.02179669,"tid":205307775,"timestamp":1656845526},{"type":"ask","price":19753.50009,"amount":0.00160155,"tid":205307774,"timestamp":1656845526},{"type":"ask","price":19753.50009,"amount":0.0085,"tid":205307773,"timestamp":1656845488},{"type":"ask","price":19753.6,"amount":0.0015,"tid":205307772,"timestamp":1656845488},{"type":"ask","price":19753.50005,"amount":0.01333879,"tid":205307771,"timestamp":1656845457},{"type":"ask","price":19749.70032045,"amount":0.000244,"tid":205307770,"timestamp":1656843703},{"type":"ask","price":19745.5006509,"amount":0.00022238,"tid":205307769,"timestamp":1656841793},{"type":"ask","price":19745.6,"amount":0.0015,"tid":205307768,"timestamp":1656841793},{"type":"ask","price":19745.50055075,"amount":0.00179037,"tid":205307767,"timestamp":1656841790},{"type":"ask","price":19744.50014015,"amount":0.00046921,"tid":205307766,"timestamp":1656841326},{"type":"ask","price":19744.50014015,"amount":0.00046921,"tid":205307765,"timestamp":1656841324},{"type":"bid","price":20029.89993,"amount":0.00011522,"tid":205307764,"timestamp":1656839807},{"type":"ask","price":19742.9,"amount":0.0003,"tid":205307763,"timestamp":1656839444},{"type":"ask","price":19840.27777778,"amount":0.00077574,"tid":205307762,"timestamp":1656838560}]}